@inproceedings{vaish2004using,
  title={Using Plane + Parallax for Calibrating Dense Camera Arrays},
  author={Vaish, Vaibhav and Wilburn, Bennett and Joshi, Neel and Levoy, Marc},
  booktitle={Computer Vision and Pattern Recognition, 2004. CVPR 2004. Proceedings of the 2004 IEEE Computer Society Conference on},
  volume={1},
  pages={I--2},
  organization={IEEE}
}

@phdthesis{dansereau2014plenoptic,
  title={Plenoptic Signal Processing for Robust Vision in Field Robotics},
  author={Dansereau, Donald Gilbert},
  year={2014},
  school={The University of Sydney}
}

@techreport{denhamRaspberry,
  author={Rafe Denham},
  title={Light Field Array Camera},
  institution={Queensland University of Technology},
  year={2015},
  month={June}
}

@article{Xu2014,
  title={Mobile camera array calibration for light field acquisition},
  author={Xu, Yichao and Maeno, Kazuki and Nagahara, Hajime and Taniguchi, Rin-ichiro},
  journal={arXiv preprint arXiv:1407.4206},
  year={2014}
}

@article{Zhang2000,
  title={A flexible new technique for camera calibration},
  author={Zhang, Zhengyou},
  journal={Pattern Analysis and Machine Intelligence, IEEE Transactions on},
  volume={22},
  number={11},
  pages={1330--1334},
  year={2000},
  publisher={IEEE}
}

@article{torr2000mlesac,
  title={MLESAC: A new robust estimator with application to estimating image geometry},
  author={Torr, Philip HS and Zisserman, Andrew},
  journal={Computer Vision and Image Understanding},
  volume={78},
  number={1},
  pages={138--156},
  year={2000},
  publisher={Elsevier}
}

@inproceedings{bay2006surf,
  title={Surf: Speeded up robust features},
  author={Bay, Herbert and Tuytelaars, Tinne and Van Gool, Luc},
  booktitle={European conference on computer vision},
  pages={404--417},
  year={2006},
  organization={Springer}
}