
@misc{stewart2017using,
    author={Stewart, Ashley W. and Dansereau, Donald G.},
    title={{Using Planar Point Correspondence to Calibrate Camera Arrays for
                  Light Field Acquisition}},
    year={2017},
    url={https://astewartau.github.io/Planar-LF-Calibration},
    note="https://astewartau.github.io/Planar-LF-Calibration, [Online; accessed
                  19-11-2017]"}

@article{ng2005light,
  title={Light field photography with a hand-held plenoptic camera},
  author={Ng, Ren and Levoy, Marc and Br{\'e}dif, Mathieu and Duval, Gene and
                  Horowitz, Mark and Hanrahan, Pat},
  journal={Computer Science Technical Report CSTR},
  volume={2},
  number={11},
  pages={1--11},
  year={2005}
}

@article{chen2014wide,
  title={Wide field of view compressive light field display using a multilayer architecture and tracked viewers},
  author={Chen, Renjie and Maimone, Andrew and Fuchs, Henry and Raskar, Ramesh and Wetzstein, Gordon},
  journal={Journal of the Society for Information Display},
  volume={22},
  number={10},
  pages={525--534},
  year={2014},
  publisher={Wiley Online Library}
}

@inproceedings{levoy_light_2006,
  title = {Light field rendering},
  url = {http://dl.acm.org/citation.cfm?id=237199},
  pages = {31--42},
  booktitle = {Proceedings of the 23rd annual conference on Computer graphics
                  and interactive techniques},
  publisher = {{ACM}},
  author = {Levoy, Marc and Hanrahan, Pat},
  urldate = {2017-07-12},
  year = {1996}
}

@inproceedings{ueshiba_planebased_2003,
  title = {Plane-based calibration algorithm for multi-camera systems via
                  factorization of homography matrices},
  doi = {10.1109/ICCV.2003.1238453},
  eventtitle = {Proceedings Ninth {IEEE} International Conference on Computer
                  Vision},
  pages = {966--973 vol.2},
  booktitle = {Proceedings Ninth {IEEE} International Conference on Computer
                  Vision},
  author = {Ueshiba, Toshio and Tomita, Fumiaki},
  date = {2003-10},
  year = {2003}
}

@inproceedings{levoy2004synthetic,
  title={Synthetic aperture confocal imaging},
  author={Levoy, Marc and Chen, Billy and Vaish, Vaibhav and Horowitz, Mark and
                  McDowall, Ian and Bolas, Mark},
  booktitle={ACM Transactions on Graphics (ToG)},
  volume={23},
  pages={825--834},
  year={2004},
  organization={ACM}
}

@article{duane1971close,
  title={Close-range camera calibration},
  author={Brown, Duane C.},
  journal={Photogrammetric Engineering},
  volume={37},
  pages={855--866},
  year={1971}
}

@inproceedings{jones2007rendering,
  title={Rendering for an interactive 360 light field display},
  author={Jones, Andrew and McDowall, Ian and Yamada, Hideshi and Bolas, Mark
                  and Debevec, Paul},
  booktitle={ACM Transactions on Graphics (TOG)},
  volume={26},
  pages={40},
  year={2007},
  organization={ACM}
}

@article{wanner2014variational,
  title={Variational light field analysis for disparity estimation and
                  super-resolution},
  author={Wanner, Sven and Goldluecke, Bastian},
  journal={IEEE transactions on pattern analysis and machine intelligence},
  volume={36},
  number={3},
  pages={606--619},
  year={2014},
  publisher={IEEE}
}

@article{yang2002real,
  title={A real-time distributed light field camera.},
  author={Yang, Jason C. and Everett, Matthew and Buehler, Chris and McMillan,
                  Leonard},
  journal={Rendering Techniques},
  volume={2002},
  pages={77--86},
  year={2002}
}

@article{levoy_microscopy_2006,
  title={Light field microscopy},
  author={Levoy, Marc and Ng, Ren and Adams, Andrew and Footer, Matthew and
                  Horowitz, Mark},
  journal={ACM Transactions on Graphics (TOG)},
  volume={25},
  number={3},
  pages={924--934},
  year={2006},
  publisher={ACM}
}

@misc{rpi_foundation_2016,
  title = {Camera Module},
  note = {https://www.raspberrypi.org/documentation/\\hardware/camera/},
  titleaddon = {Raspberry Pi Documentation},
  author = {{Raspberry Pi Foundation}},
  urldate = {2017-09-29},
  date = {2016-04},
}

@inproceedings{dansereau_exploiting_2014,
  title = {Exploiting parallax in panoramic capture to construct light fields},
  url = {http://eprints.qut.edu.au/82580/},
  pages = {1--9},
  booktitle = {Proceedings of Australasian Conference on Robotics and
                  Automation},
  publisher = {Australian Robotics \& Automation Association {ARAA}},
  author = {Dansereau, Donald G. and Wood, David and Montabone, Sebastian and
                  Williams, Stefan B.},
  urldate = {2017-09-22},
  date = {2014},
  year={2014}
}

@inproceedings{li_multiple-camera_2013,
  title = {A multiple-camera system calibration toolbox using a feature
                  descriptor-based calibration pattern},
  url = {http://ieeexplore.ieee.org/abstract/document/6696517/},
  pages = {1301--1307},
  booktitle = {Intelligent Robots and Systems ({IROS}), 2013 {IEEE}/{RSJ}
                  International Conference on},
  publisher = {{IEEE}},
  author = {Li, Bo and Heng, Lionel and Koser, Kevin and Pollefeys, Marc},
  urldate = {2017-09-17},
  year = {2013},
}

@inproceedings{zhou2007effect,
  title={The Effect of Camera Calibration Space on Visual Pose's Precision},
  author={Zhou, Jing and Hao, Yingming and Zhu, Feng and He, Lei},
  booktitle={Natural Computation, 2007. ICNC 2007. Third International
                  Conference on},
  volume={2},
  pages={194--198},
  year={2007},
  organization={IEEE}
}

@article{torr2000mlesac,
  title={MLESAC: A new robust estimator with application to estimating image
                  geometry},
  author={Torr, Philip H. S. and Zisserman, Andrew},
  journal={Computer Vision and Image Understanding},
  volume={78},
  number={1},
  pages={138--156},
  year={2000},
  publisher={Elsevier}
}

@inproceedings{joshi2007synthetic,
  title={Synthetic aperture tracking: tracking through occlusions},
  author={Joshi, Neel and Avidan, Shai and Matusik, Wojciech and Kriegman, David
                  J},
  booktitle={Computer Vision, 2007. ICCV 2007. IEEE 11th International
                  Conference on},
  pages={1--8},
  year={2007},
  organization={IEEE}
}

@article{bay2008speeded,
  title={Speeded-up robust features (SURF)},
  author={Bay, Herbert and Ess, Andreas and Tuytelaars, Tinne and Van Gool,
                  Luc},
  journal={Computer vision and image understanding},
  volume={110},
  number={3},
  pages={346--359},
  year={2008},
  publisher={Elsevier}
}

@article{xumobile2014,
  author={Yichao Xu and Kazuki Maeno and Hajime Nagahara and Rin{-}ichiro
                  Taniguchi},
  title={Mobile Camera Array Calibration for Light Field Acquisition},
  journal={CoRR},
  volume={abs/1407.4206},
  year={2014},
  url={http://arxiv.org/abs/1407.4206},
  timestamp={Wed, 07 Jun 2017 14:40:50 +0200},
}

@inproceedings{heikkila_four_1997,
  title = {A four-step camera calibration procedure with implicit image
                  correction},
  doi = {10.1109/CVPR.1997.609468},
  booktitle = {Proceedings of {IEEE} {Computer} {Society} {Conference} on
                  {Computer} {Vision} and {Pattern} {Recognition}},
  author = {Heikkilä, Janne and Silven, Olli},
  month = jun,
  year = {1997},
  keywords = {Calibration, Cameras, Machine vision, camera calibration, computer
                  vision, calibration, Closed-form solution, Nonlinear
                  distortion, Error correction, geometrical camera calibration,
                  Geometrical optics, image correction, implicit image
                  correction, inverse model, Inverse problems, Mathematical
                  model, Minimization methods, model fitting, three-dimensional
                  machine vision},
  pages = {1106--1112}
}

@article{ganapathy_decomposition_1984,
  title = {Decomposition of transformation matrices for robot vision},
  volume = {2},
  issn = {0167-8655},
  url = {http://www.sciencedirect.com/science/article/pii/0167865584900072},
  doi = {10.1016/0167-8655(84)90007-2},
  number = {6},
  urldate = {2017-07-14},
  journal = {Pattern Recognition Letters},
  author = {Ganapathy, Sundaram},
  month = dec,
  year = {1984},
  keywords = {Camera calibration, dynamic scene analysis, homogeneous
                  coordinates, perspective transformation, robot vision},
  pages = {401--412},
}

@article{tsai_versatile_1987,
  title = {A versatile camera calibration technique for high-accuracy 3D machine
                  vision metrology using off-the-shelf {TV} cameras and lenses},
  volume = {3},
  issn = {0882-4967},
  doi = {10.1109/JRA.1987.1087109},
  number = {4},
  journal = {IEEE Journal on Robotics and Automation},
  author = {Tsai, Roger Y.},
  month = aug,
  year = {1987},
  keywords = {Application software, Calibration, Cameras, Lenses, Machine
                  vision, Measurement, Metrology, Robot kinematics, Robot vision
                  systems, Robotic assembly, TV},
  pages = {323--344},
}

@article{zhang2000flexible,
  title = {A {Flexible} {New} {Technique} for {Camera} {Calibration}},
  volume = {22},
  issn = {0162-8828},
  doi = {10.1109/34.888718},
  number = {11},
  journal = {IEEE Transactions on Pattern Analysis and Machine Intelligence},
  author = {Zhang, Zhengyou},
  month = nov,
  year = {2000},
  pages = {1330--1334},
}

@article{fischler1981random,
  title={Random sample consensus: a paradigm for model fitting with applications to image analysis and automated cartography},
  author={Fischler, Martin A. and Bolles, Robert C.},
  journal={Communications of the ACM},
  volume={24},
  number={6},
  pages={381--395},
  year={1981},
  publisher={ACM}
}

@inproceedings{vaish_using_2004,
  title = {Using {Plane} + {Parallax} for {Calibrating} {Dense} {Camera}
                  {Arrays}},
  volume = {1},
  doi = {10.1109/CVPR.2004.1315006},
  booktitle = {Proceedings of the 2004 {IEEE} {Computer} {Society} {Conference}
                  on {Computer} {Vision} and {Pattern} {Recognition},
                  2004. {CVPR} 2004.},
  author = {Vaish, Vaibhav and Wilburn, Bennett and Joshi, Neel and Levoy, Marc},
  month = jun,
  year = {2004},
  keywords = {Application software, Calibration, Cameras, Lenses, calibration,
                  Computer vision, geometry, Layout, affine coordinate system,
                  camera position estimation, cameras, computational geometry,
                  computer graphics, Computer graphics, dense camera arrays,
                  Focusing, Geometry, image based rendering, image processing,
                  light field images, metric calibration, photography,
                  plane-parallax framework, rendering (computer graphics),
                  Rendering (computer graphics), shape recovery, synthetic
                  aperture photography},
  pages = {I--2--I--9 Vol.1},
}
